% Here goes the bib file